<?xml version="1.0" encoding="UTF-8"?><collection xmlns="http://www.loc.gov/MARC21/slim"><record><leader>00503nam--2200181-i-4500</leader><controlfield tag="001">000041729</controlfield><controlfield tag="002">20161230</controlfield><controlfield tag="005">20161230201043</controlfield><controlfield tag="008">060222s1000------------r-----000-0-fre-d</controlfield><datafield ind1=" " ind2=" " tag="040"><subfield code="a">IFIN-HH</subfield></datafield><datafield ind1=" " ind2=" " tag="041"><subfield code="a">fre</subfield></datafield><datafield ind1=" " ind2=" " tag="080"><subfield code="a">538.9</subfield></datafield><datafield ind1="1" ind2=" " tag="100"><subfield code="a">Sinnott, Maurice J</subfield></datafield><datafield ind1="1" ind2="0" tag="245"><subfield code="a">Etude theorique et pratique de l`etat sollide</subfield><subfield code="b">Traduit par roger lassaigne</subfield><subfield code="c">Maurice j. sinnott</subfield></datafield><datafield ind1=" " ind2=" " tag="260"><subfield code="a">Paris</subfield><subfield code="b">Editions Eyrolles</subfield><subfield code="c">1961</subfield></datafield><datafield ind1=" " ind2=" " tag="300"><subfield code="a">XII + 582 P</subfield></datafield><datafield ind1=" " ind2=" " tag="852"><subfield code="a">17730</subfield><subfield code="c">539.2</subfield></datafield><datafield ind1=" " ind2=" " tag="CAT"><subfield code="a">Sys</subfield><subfield code="c">20121004</subfield><subfield code="h">144531</subfield></datafield></record></collection>